<?xml version="1.0" encoding="UTF-8"?><collection xmlns="http://www.loc.gov/MARC21/slim"><record><leader>00631nam--2200205-i-4500</leader><controlfield tag="001">000024529</controlfield><controlfield tag="002">20161230</controlfield><controlfield tag="005">20161230201035</controlfield><controlfield tag="008">060222s1000------------r-----000-0-eng-d</controlfield><datafield ind1=" " ind2=" " tag="040"><subfield code="a">IFIN-HH</subfield></datafield><datafield ind1=" " ind2=" " tag="080"><subfield code="a">530.145.3</subfield></datafield><datafield ind1="1" ind2=" " tag="100"><subfield code="a">Olariu, Silviu</subfield></datafield><datafield ind1="1" ind2="0" tag="245"><subfield code="a">The quantum effects of electromagnetic fluxes</subfield><subfield code="c">Silviu olariu, iovitzu i. popescu</subfield></datafield><datafield ind1=" " ind2=" " tag="260"><subfield code="a">New York</subfield><subfield code="b">The American Physical Society</subfield><subfield code="c">1985</subfield></datafield><datafield ind1=" " ind2=" " tag="300"><subfield code="a">/339-436/P</subfield></datafield><datafield ind1=" " ind2=" " tag="490"><subfield code="a">Reviews Of Modern Physics</subfield><subfield code="v">Vol. 57 No.2</subfield></datafield><datafield ind1=" " ind2=" " tag="500"><subfield code="a">Published In Reviews Of Modern Physics</subfield></datafield><datafield ind1="1" ind2=" " tag="700"><subfield code="a">Popescu, Iovitzu I</subfield></datafield><datafield ind1=" " ind2=" " tag="852"><subfield code="a">72789</subfield><subfield code="c">530.145</subfield></datafield><datafield ind1=" " ind2=" " tag="CAT"><subfield code="a">Sys</subfield><subfield code="c">20111025</subfield><subfield code="h">125015</subfield></datafield></record></collection>